@misc{lin1973,
    title   = {WORLD INTERNET USAGE AND POPULATION STATISTICS
2019 Mid-Year Estimates},
    howpublished = {\url{https://www.internetworldstats.com/stats.htm}},
    note = {[{A}ccessed: 2019-11-11]}
 }

@inproceedings{proceedings:passivactivemeas,
  author = {Demetres Antoniades et al.},
  editor      = {Mark Allman and M. Roughan},
  title       = {Available bandwidth measurement as simple as running wget},
  booktitle = {Proceeding of the Passive and Active Measurement Conference},
  year       =  {2006},
  pages  = {61--70}
}

@techreport{fabprobe,
    author  = {Daniele Croce, Taoufik En-Najjary, Guillaume Urvoy-Keller and Ernst W. Biersack},
    title   = {Fast Available Bandwidth sampling for ADSL links: rethinking the estimation for larger-scale measurements},
    institution = {EURECOM},
    address = {Sophia Antipolis, France},
    year = {2008}
}

@INPROCEEDINGS{abwprobe,
author={D. {Croce} and T. {En-Najjary} and G. {Urvoy-Keller} and E. W. {Biersack}},
booktitle={IEEE INFOCOM Workshops 2008},
title={Non-cooperative available bandwidth estimation towards ADSL links},
year={2008},
volume={},
number={},
pages={1-6},
keywords={bandwidth allocation;digital subscriber lines;Internet;telecommunication traffic;noncooperative available bandwidth estimation;ADSL links;ABwProbe measurement;Internet path;uplink cross-traffic;Bandwidth;Probes;Internet;Usability;Information filtering;Information filters;Delay;Testing;Downlink;Streaming media},
doi={10.1109/INFOCOM.2008.4544641},
ISSN={},
month={April},}

@article{pathload,
author = {Jain, Manish and Dovrolis, Constantine},
year = {2002},
month = {03},
pages = {},
title = {Pathload: A Measurement Tool for End-to-End Available Bandwidth},
journal = {Proceedings of Passive and Active Measurement Workshop}
}

@misc{mininet,
    title   = {Mininet},
    howpublished = {\url{https://github.com/mininet/mininet}},
    note = {[{A}ccessed: 2019-11-11]}
 }